
@book{frenkel_understanding_2002,
  title = {Understanding {Molecular} {Simulation}: {From} {Algorithms} to {Applications}},
  isbn = {978-0-12-267351-1},
  shorttitle = {Understanding molecular simulation},
  publisher = {Academic Press},
  author = {Frenkel, Daan and Smit, Berend},
  year = {2002},
}

@article{manousiouthakis_strict_1999,
  title = {Strict Detailed Balance Is Unnecessary in {Monte} {Carlo} Simulation},
  volume = {110},
  issn = {0021-9606},
  url = {https://aip.scitation.org/doi/abs/10.1063/1.477973},
  doi = {10.1063/1.477973},
  number = {6},
  urldate = {2020-01-13},
  journal = {J. Chem. Phys.},
  author = {Manousiouthakis, Vasilios I. and Deem, Michael W.},
  month = jan,
  year = {1999},
  pages = {2753--2756},
}

@book{allen_computer_1989,
  title = {Computer Simulation of Liquids},
  isbn = {978-0-19-855645-9},
  publisher = {Clarendon Press},
  author = {Allen, M. P. and Tildesley, D. J.},
  year = {1989},
}

@article{kofke_monte_1988,
  title = {Monte {Carlo} Simulation of Multicomponent Equilibria in a Semigrand Canonical Ensemble},
  volume = {64},
  issn = {0026-8976},
  doi = {10.1080/00268978800100743},
  number = {6},
  urldate = {2023-03-09},
  journal = {Mol. Phys.},
  author = {Kofke, David A. and Glandt, Eduardo D.},
  month = aug,
  year = {1988},
  pages = {1105--1131},
}

@article{mountain_quantative_1994,
  title = {Quantative Measure of Efficiency of {Monte} {Carlo} Simulations},
  volume = {210},
  issn = {0378-4371},
  url = {http://www.sciencedirect.com/science/article/pii/0378437194900922},
  doi = {10.1016/0378-4371(94)90092-2},
  number = {3},
  urldate = {2019-10-11},
  journal = {Physica A},
  author = {Mountain, Raymond D. and Thirumalai, D.},
  month = oct,
  year = {1994},
  pages = {453--460},
}

@article{kolafa_optimization_1987,
  title = {On Optimization of {Monte} {Carlo} Simulations},
  volume = {63},
  doi = {10.1080/00268978800100381},
  number = {4},
  urldate = {2019-12-19},
  journal = {Mol. Phys.},
  author = {Kolafa, Jiří},
  year = {1987},
  pages = {559--579},
}

@article{jacucci_comparing_1984,
  title = {Comparing the Efficiency of {Metropolis} {Monte} {Carlo} and Molecular-Dynamics Methods for Configuration Space Sampling},
  volume = {4},
  issn = {1826-9893},
  doi = {10.1007/BF02451293},
  number = {4},
  urldate = {2019-12-19},
  journal = {Il Nuovo Cimento D},
  author = {Jacucci, G. and Rahman, A.},
  month = oct,
  year = {1984},
  pages = {341--356},
}

@article{chapman_metropolis_1985,
  title = {Metropolis {Monte} {Carlo} Simulation of Fluids with Multiparticle Moves},
  volume = {131},
  issn = {0378-4363},
  doi = {10.1016/0378-4363(85)90137-8},
  number = {1},
  urldate = {2019-12-19},
  journal = {Physica B+C},
  author = {Chapman, W. and Quirke, N.},
  month = aug,
  year = {1985},
  pages = {34--40},
}

@article{hatch_parallel_2020,
  title = {Parallel {Prefetching} for {Canonical} {Ensemble} {Monte} {Carlo} {Simulations}},
  volume = {124},
  issn = {1089-5639},
  url = {https://doi.org/10.1021/acs.jpca.0c05242},
  doi = {10.1021/acs.jpca.0c05242},
  number = {35},
  urldate = {2022-08-31},
  journal = {J. Phys. Chem. A},
  author = {Hatch, Harold W.},
  month = sep,
  year = {2020},
  pages = {7191--7198},
}

@article{corti_deriving_1998,
  title = {Deriving the Isothermal–isobaric Ensemble: {The} Requirement of a “Shell” Molecule and Applicability to Small Systems},
  volume = {108},
  issn = {0021-9606},
  shorttitle = {Deriving the isothermal–isobaric ensemble},
  doi = {10.1063/1.476236},
  number = {19},
  urldate = {2020-09-18},
  journal = {J. Chem. Phys.},
  author = {Corti, David S. and Soto-Campos, Gerardo},
  month = may,
  year = {1998},
  pages = {7959--7966},
}

@article{corti_monte_2002,
  title = {Monte {Carlo} Simulations in the Isothermal—isobaric Ensemble: the Requirement of a ‘shell’ Molecule and Simulations of Small Systems},
  volume = {100},
  issn = {0026-8976},
  shorttitle = {Monte {Carlo} simulations in the isothermal—isobaric ensemble},
  doi = {10.1080/00268970210126619},
  number = {12},
  urldate = {2020-09-18},
  journal = {Mol. Phys.},
  author = {Corti, David S.},
  month = jun,
  year = {2002},
  pages = {1887--1904},
}

@article{han_isothermal-isobaric_2001,
  title = {On the Isothermal-isobaric Ensemble Partition Function},
  volume = {115},
  issn = {0021-9606},
  url = {https://aip.scitation.org/doi/abs/10.1063/1.1407295},
  doi = {10.1063/1.1407295},
  number = {16},
  urldate = {2023-03-10},
  journal = {J. Chem. Phys.},
  author = {Han, Kyu-Kwang and Son, Hyeon S.},
  month = oct,
  year = {2001},
  pages = {7793--7794},
}

@article{attard_density_1995,
  title = {On the Density of Volume States in the Isobaric Ensemble},
  volume = {103},
  issn = {0021-9606},
  url = {https://aip.scitation.org/doi/abs/10.1063/1.469956},
  doi = {10.1063/1.469956},
  number = {22},
  urldate = {2023-03-10},
  journal = {J. Chem. Phys.},
  author = {Attard, Phil},
  month = dec,
  year = {1995},
  pages = {9884--9885},
}

@article{corti_isothermal-isobaric_2001,
  title = {Isothermal-isobaric Ensemble for Small Systems},
  volume = {64},
  url = {https://link.aps.org/doi/10.1103/PhysRevE.64.016128},
  doi = {10.1103/PhysRevE.64.016128},
  number = {1},
  urldate = {2023-03-10},
  journal = {Phys. Rev. E},
  author = {Corti, David S.},
  month = jun,
  year = {2001},
  pages = {016128},
}

@article{chen_improving_2001,
  title = {Improving the {Efficiency} of the {Aggregation}-{Volume}-{Bias} {Monte} {Carlo} {Algorithm}},
  volume = {105},
  issn = {1520-6106},
  url = {http://dx.doi.org/10.1021/jp012209k},
  doi = {10.1021/jp012209k},
  number = {45},
  urldate = {2013-12-06},
  journal = {J. Phys. Chem. B},
  author = {Chen, Bin and Siepmann, J. Ilja},
  month = nov,
  year = {2001},
  pages = {11275--11282},
}

@article{hatch_self-assembly_2016,
  title = {Self-assembly of Trimer Colloids: Effect of Shape and Interaction Range},
  volume = {12},
  issn = {1744-6848},
  shorttitle = {Self-assembly of trimer colloids},
  url = {http://pubs.rsc.org/en/content/articlelanding/2016/sm/c6sm00473c},
  doi = {10.1039/C6SM00473C},
  number = {18},
  urldate = {2016-05-12},
  journal = {Soft Matter},
  author = {Hatch, Harold W. and Yang, Seung-Yeob and Mittal, Jeetain and Shen, Vincent K.},
  month = may,
  year = {2016},
  pages = {4170--4179},
}

@article{vlugt_improving_1998,
  title = {Improving the Efficiency of the Configurational-bias {Monte} {Carlo} Algorithm},
  volume = {94},
  issn = {0026-8976},
  url = {http://www.tandfonline.com/doi/abs/10.1080/002689798167881},
  doi = {10.1080/002689798167881},
  number = {4},
  urldate = {2013-12-12},
  journal = {Mol. Phys.},
  author = {Vlugt, T. J. H. and Martin, M. G. and Smit, B. and Siepmann, J. I. and Krishna, R.},
  year = {1998},
  pages = {727--733},
}

@article{siepmann_configurational_1992,
  title = {Configurational Bias {Monte} {Carlo}: a New Sampling Scheme for Flexible Chains},
  volume = {75},
  issn = {1362-3028 (online)},
  shorttitle = {Configurational bias {Monte} {Carlo}},
  doi = {10.1080/00268979200100061},
  number = {1},
  urldate = {2015-06-26},
  journal = {Mol. Phys.},
  author = {Siepmann, J. I. and Frenkel, D.},
  year = {1992},
  pages = {59--70},
}

@article{mooij_direct_1992,
  title = {Direct Simulation of Phase Equilibria of Chain Molecules},
  volume = {4},
  issn = {0953-8984},
  url = {https://dx.doi.org/10.1088/0953-8984/4/16/001},
  doi = {10.1088/0953-8984/4/16/001},
  number = {16},
  urldate = {2023-03-16},
  journal = {J. Condens. Matter Phys.},
  author = {Mooij, G. C. A. M. and Frenkel, D. and Smit, B.},
  month = apr,
  year = {1992},
  pages = {L255},
}

@article{de_pablo_estimation_1992,
  title = {Estimation of the Chemical Potential of Chain Molecules by Simulation},
  volume = {96},
  issn = {0021-9606},
  url = {https://aip.scitation.org/doi/abs/10.1063/1.462658},
  doi = {10.1063/1.462658},
  number = {8},
  urldate = {2023-03-16},
  journal = {J. Chem. Phys.},
  author = {de Pablo, Juan J. and Laso, Manuel and Suter, Ulrich W.},
  month = apr,
  year = {1992},
  pages = {6157--6162},
}

@article{chen_aggregation-volume-bias_2001,
  title = {Aggregation-volume-bias {Monte} {Carlo} Simulations of Vapor-liquid Nucleation Barriers for {Lennard}-{Jonesium}},
  volume = {115},
  issn = {0021-9606, 1089-7690},
  url = {http://scitation.aip.org/content/aip/journal/jcp/115/23/10.1063/1.1417536},
  doi = {10.1063/1.1417536},
  number = {23},
  urldate = {2014-03-27},
  journal = {J. Chem. Phys.},
  author = {Chen, Bin and Siepmann, J. Ilja and Oh, Kwang J. and Klein, Michael L.},
  month = dec,
  year = {2001},
  pages = {10903--10913},
}

@article{wierzchowski_general-purpose_2001,
  title = {A General-purpose Biasing Scheme for {Monte} {Carlo} Simulation of Associating Fluids},
  volume = {114},
  issn = {0021-9606},
  url = {https://aip.scitation.org/doi/abs/10.1063/1.1369131},
  doi = {10.1063/1.1369131},
  number = {20},
  urldate = {2020-04-24},
  journal = {J. Chem. Phys.},
  author = {Wierzchowski, Scott and Kofke, David A.},
  month = may,
  year = {2001},
  pages = {8752--8762},
}

@article{snurr_prediction_1993,
  title = {Prediction of Adsorption of Aromatic Hydrocarbons in Silicalite from Grand Canonical {Monte} {Carlo} Simulations with Biased Insertions},
  volume = {97},
  issn = {0022-3654, 1541-5740},
  url = {https://pubs.acs.org/doi/abs/10.1021/j100153a051},
  doi = {10.1021/j100153a051},
  number = {51},
  urldate = {2021-06-21},
  journal = {J. Phys. Chem.},
  author = {Snurr, Randall Q. and Bell, Alexis T. and Theodorou, Doros N.},
  month = dec,
  year = {1993},
  pages = {13742--13752},
}

@article{mezei_grand-canonical_1987,
  title = {Grand-canonical Ensemble {Monte} {Carlo} Study of Dense Liquid},
  volume = {61},
  issn = {0026-8976},
  url = {https://doi.org/10.1080/00268978700101321},
  doi = {10.1080/00268978700101321},
  number = {3},
  urldate = {2023-04-20},
  journal = {Mol. Phys.},
  author = {Mezei, Mihaly},
  month = jun,
  year = {1987},
  pages = {565--582},
}

@article{mezei_cavity-biased_1980,
  title = {A Cavity-biased ({T}, {V}, $\mu$) {Monte} {Carlo} Method for the Computer Simulation of Fluids},
  volume = {40},
  issn = {0026-8976},
  url = {https://doi.org/10.1080/00268978000101971},
  doi = {10.1080/00268978000101971},
  number = {4},
  urldate = {2023-04-20},
  journal = {Mol. Phys.},
  author = {Mezei, Mihaly},
  month = jul,
  year = {1980},
  pages = {901--906},
}

@article{sastry_statistical_1997,
  title = {Statistical Geometry of Particle Packings. I. Algorithm for Exact Determination of Connectivity, Volume, and Surface Areas of Void Space in Monodisperse and Polydisperse Sphere Packings},
  volume = {56},
  url = {http://link.aps.org/doi/10.1103/PhysRevE.56.5524},
  doi = {10.1103/PhysRevE.56.5524},
  number = {5},
  urldate = {2015-03-30},
  journal = {Phys. Rev. E},
  author = {Sastry, Srikanth and Corti, David S. and Debenedetti, Pablo G. and Stillinger, Frank H.},
  month = nov,
  year = {1997},
  pages = {5524--5532},
}

@article{brukhno_dl_monte_2021,
  title = {{DL}\_MONTE: a Multipurpose Code for {Monte} {Carlo} Simulation},
  volume = {47},
  issn = {0892-7022},
  shorttitle = {{DL}\_MONTE},
  url = {https://doi.org/10.1080/08927022.2019.1569760},
  doi = {10.1080/08927022.2019.1569760},
  number = {2-3},
  urldate = {2023-05-10},
  journal = {Mol. Simul.},
  author = {Brukhno, A. V. and Grant, J. and Underwood, T. L. and Stratford, K. and Parker, S. C. and Purton, J. A. and Wilding, N. B.},
  month = feb,
  year = {2021},
  pages = {131--151},
}

@article{lund_faunus_2008,
  title = {Faunus: {An} Object Oriented Framework for Molecular Simulation},
  volume = {3},
  issn = {1751-0473},
  shorttitle = {Faunus},
  url = {https://doi.org/10.1186/1751-0473-3-1},
  doi = {10.1186/1751-0473-3-1},
  number = {1},
  urldate = {2023-05-10},
  journal = {Source Code Biol. Med.},
  author = {Lund, Mikael and Trulsson, Martin and Persson, Björn},
  month = feb,
  year = {2008},
  pages = {1},
}

@article{dubbeldam_raspa_2016,
  title = {{RASPA}: Molecular Simulation Software for Adsorption and Diffusion in Flexible Nanoporous Materials},
  volume = {42},
  issn = {0892-7022},
  shorttitle = {{RASPA}},
  url = {https://doi.org/10.1080/08927022.2015.1010082},
  doi = {10.1080/08927022.2015.1010082},
  number = {2},
  urldate = {2023-05-10},
  journal = {Mol. Simul.},
  author = {Dubbeldam, David and Calero, Sofía and Ellis, Donald E. and Snurr, Randall Q.},
  month = jan,
  year = {2016},
  pages = {81--101},
}

@article{martin_mcccs_2013,
  title = {{MCCCS} {Towhee}: a Tool for {Monte} {Carlo} Molecular Simulation},
  volume = {39},
  issn = {0892-7022},
  shorttitle = {{MCCCS} {Towhee}},
  url = {https://doi.org/10.1080/08927022.2013.828208},
  doi = {10.1080/08927022.2013.828208},
  number = {14-15},
  urldate = {2023-05-10},
  journal = {Mol. Simul.},
  author = {Martin, Marcus G.},
  month = dec,
  year = {2013},
  pages = {1212--1222},
}

@article{jorgensen_molecular_2005,
  title = {Molecular Modeling of Organic and Biomolecular Systems Using {BOSS} and {MCPRO}},
  volume = {26},
  issn = {1096-987X},
  url = {https://onlinelibrary.wiley.com/doi/abs/10.1002/jcc.20297},
  doi = {10.1002/jcc.20297},
  number = {16},
  urldate = {2023-05-10},
  journal = {J. Comput. Chem.},
  author = {Jorgensen, William L. and Tirado–Rives, Julian},
  year = {2005},
  pages = {1689--1700},
}

@article{schultz_etomica_2015,
  title = {Etomica: {An} Object-oriented Framework for Molecular Simulation},
  volume = {36},
  issn = {1096-987X},
  shorttitle = {Etomica},
  url = {https://onlinelibrary.wiley.com/doi/abs/10.1002/jcc.23823},
  doi = {10.1002/jcc.23823},
  number = {8},
  urldate = {2023-05-10},
  journal = {J. Comput. Chem.},
  author = {Schultz, Andrew J. and Kofke, David A.},
  year = {2015},
  pages = {573--583},
}

@article{gupta_object-oriented_2003,
  title = {Object-oriented {Programming} {Paradigms} for {Molecular} {Modeling}},
  volume = {29},
  issn = {0892-7022},
  url = {https://doi.org/10.1080/0892702031000065719},
  doi = {10.1080/0892702031000065719},
  number = {1},
  urldate = {2023-05-10},
  journal = {Mol. Simul.},
  author = {Gupta, Amit and Chempath, Shaji and Sanborn, Martin J. and Clark, Louis A. and Snurr, Randall Q.},
  month = jan,
  year = {2003},
  pages = {29--46},
}

@article{talirz_trends_2021,
  title = {Trends in {Atomistic} {Simulation} {Software} {Usage} [{Article} V1.0]},
  volume = {3},
  copyright = {Copyright (c) 2021 Leopold Talirz, Luca M.  Ghiringhelli, Berend Smit},
  issn = {2575-6524},
  url = {https://livecomsjournal.org/index.php/livecoms/article/view/v3i1e1483},
  doi = {10.33011/livecoms.3.1.1483},
  number = {1},
  urldate = {2023-05-10},
  journal = {Living J. Comput. Mol. Sci.},
  author = {Talirz, Leopold and Ghiringhelli, Luca M. and Smit, Berend},
  month = oct,
  year = {2021},
  pages = {1483--1483},
}

@article{shah_cassandra_2017,
  title = {Cassandra: {An} Open Source {Monte} {Carlo} Package for Molecular Simulation},
  volume = {38},
  issn = {1096-987X},
  shorttitle = {Cassandra},
  url = {https://onlinelibrary.wiley.com/doi/abs/10.1002/jcc.24807},
  doi = {10.1002/jcc.24807},
  number = {19},
  urldate = {2020-06-08},
  journal = {J. Comput. Chem.},
  author = {Shah, Jindal K. and Marin‐Rimoldi, Eliseo and Mullen, Ryan Gotchy and Keene, Brian P. and Khan, Sandip and Paluch, Andrew S. and Rai, Neeraj and Romanielo, Lucienne L. and Rosch, Thomas W. and Yoo, Brian and Maginn, Edward J.},
  year = {2017},
  pages = {1727--1739},
}

@article{wang_efficient_2001,
  title = {Efficient, {Multiple}-{Range} {Random} {Walk} {Algorithm} to {Calculate} the {Density} of {States}},
  volume = {86},
  url = {http://link.aps.org/doi/10.1103/PhysRevLett.86.2050},
  doi = {10.1103/PhysRevLett.86.2050},
  number = {10},
  urldate = {2015-09-14},
  journal = {Phys. Rev. Lett.},
  author = {Wang, Fugao and Landau, D. P.},
  month = mar,
  year = {2001},
  pages = {2050--2053},
}

@article{norman_investigation_1969,
  title = {Investigation of Phase Transitions by a Monte-Carlo Method},
  volume = {7},
  number = {10},
  journal = {High Temp.},
  author = {Norman, G. E. and Filinov, V. S.},
  year = {1969},
  pages = {216--222},
}

@article{metropolis_equation_1953,
  title = {Equation of {State} {Calculations} by {Fast} {Computing} {Machines}},
  volume = {21},
  issn = {0021-9606},
  url = {https://doi.org/10.1063/1.1699114},
  doi = {10.1063/1.1699114},
  number = {6},
  urldate = {2023-05-10},
  journal = {J. Chem. Phys.},
  author = {Metropolis, Nicholas and Rosenbluth, Arianna W. and Rosenbluth, Marshall N. and Teller, Augusta H. and Teller, Edward},
  year = {1953},
  pages = {1087--1092},
}

@article{rosenbluth_further_1954,
  title = {Further {Results} on {Monte} {Carlo} {Equations} of {State}},
  volume = {22},
  issn = {0021-9606},
  url = {https://doi.org/10.1063/1.1740207},
  doi = {10.1063/1.1740207},
  number = {5},
  urldate = {2023-05-11},
  journal = {J. Chem. Phys.},
  author = {Rosenbluth, Marshall N. and Rosenbluth, Arianna W.},
  year = {1954},
  pages = {881--884},
}

@article{wood_monte_1968,
  title = {Monte {Carlo} {Calculations} for {Hard} {Disks} in the {Isothermal}‐{Isobaric} {Ensemble}},
  volume = {48},
  issn = {0021-9606},
  url = {https://aip.scitation.org/doi/abs/10.1063/1.1667938},
  doi = {10.1063/1.1667938},
  number = {1},
  urldate = {2023-01-10},
  journal = {J. Chem. Phys.},
  author = {Wood, W. W.},
  month = jan,
  year = {1968},
  pages = {415--434},
}

@article{adams_grand_1975,
  title = {Grand Canonical Ensemble {Monte} {Carlo} for a {Lennard}-{Jones} Fluid},
  volume = {29},
  issn = {0026-8976},
  url = {https://doi.org/10.1080/00268977500100221},
  doi = {10.1080/00268977500100221},
  number = {1},
  urldate = {2019-03-12},
  journal = {Mol. Phys.},
  author = {Adams, D. J.},
  month = jan,
  year = {1975},
  pages = {307--311},
}

@article{panagiotopoulos_direct_1987,
  title = {Direct Determination of Phase Coexistence Properties of Fluids by {Monte} {Carlo} Simulation in a New Ensemble},
  volume = {61},
  issn = {0026-8976},
  url = {https://doi.org/10.1080/00268978700101491},
  doi = {10.1080/00268978700101491},
  number = {4},
  urldate = {2023-05-11},
  journal = {Mol. Phys.},
  author = {Panagiotopoulos, Athanassios Z.},
  month = jul,
  year = {1987},
  pages = {813--826},
}

@article{kofke_gibbs-duhem_1993,
  title = {Gibbs-{Duhem} Integration: a New Method for Direct Evaluation of Phase Coexistence by Molecular Simulation},
  volume = {78},
  issn = {0026-8976},
  shorttitle = {Gibbs-{Duhem} integration},
  url = {https://doi.org/10.1080/00268979300100881},
  doi = {10.1080/00268979300100881},
  number = {6},
  urldate = {2023-05-11},
  journal = {Mol. Phys.},
  author = {Kofke, David A.},
  month = apr,
  year = {1993},
  pages = {1331--1336},
}

@article{errington_direct_2005,
  title = {Direct Evaluation of Multicomponent Phase Equilibria Using Flat-histogram Methods},
  volume = {123},
  issn = {00219606},
  url = {https://doi.org/10.1063/1.2064628},
  doi = {doi:10.1063/1.2064628},
  number = {16},
  urldate = {2013-07-11},
  journal = {J. Chem. Phys.},
  author = {Errington, Jeffrey R. and Shen, Vincent K.},
  month = oct,
  year = {2005},
  pages = {164103--164103--9},
}

@article{fitzgerald_canonical_1999,
  title = {Canonical Transition Probabilities for Adaptive {Metropolis} Simulation},
  volume = {46},
  issn = {0295-5075},
  url = {https://iopscience.iop.org/article/10.1209/epl/i1999-00257-1/meta},
  doi = {10.1209/epl/i1999-00257-1},
  number = {3},
  urldate = {2023-05-15},
  journal = {Europhys. Lett.},
  author = {Fitzgerald, M. and Picard, R. R. and Silver, R. N.},
  month = may,
  year = {1999},
  pages = {282},
}

@article{shi_continuous_2007,
  title = {Continuous {Fractional} {Component} {Monte} {Carlo}: {An} {Adaptive} {Biasing} {Method} for {Open} {System} {Atomistic} {Simulations}},
  volume = {3},
  issn = {1549-9618},
  shorttitle = {Continuous {Fractional} {Component} {Monte} {Carlo}},
  url = {https://doi.org/10.1021/ct7000039},
  doi = {10.1021/ct7000039},
  number = {4},
  urldate = {2023-05-15},
  journal = {J. Chem. Theory Comput.},
  author = {Shi, Wei and Maginn, Edward J.},
  month = jul,
  year = {2007},
  pages = {1451--1463},
}
@article{escobedo_expanded_1996,
  title = {Expanded Grand Canonical and {Gibbs} Ensemble {Monte} {Carlo} Simulation of Polymers},
  volume = {105},
  issn = {0021-9606, 1089-7690},
  url = {http://scitation.aip.org/content/aip/journal/jcp/105/10/10.1063/1.472257},
  doi = {10.1063/1.472257},
  number = {10},
  urldate = {2014-05-30},
  journal = {J. Chem. Phys.},
  author = {Escobedo, Fernando A. and Pablo, Juan J. de},
  month = sep,
  year = {1996},
  pages = {4391--4394},
}

@article{lyubartsev_new_1992,
  title = {New Approach to {Monte} {Carlo} Calculation of the Free Energy: {Method} of Expanded Ensembles},
  volume = {96},
  issn = {0021-9606},
  shorttitle = {New approach to {Monte} {Carlo} calculation of the free energy},
  url = {https://aip.scitation.org/doi/abs/10.1063/1.462133},
  doi = {10.1063/1.462133},
  number = {3},
  urldate = {2018-04-11},
  journal = {J. Chem. Phys.},
  author = {Lyubartsev, A. P. and Martsinovski, A. A. and Shevkunov, S. V. and Vorontsov‐Velyaminov, P. N.},
  month = feb,
  year = {1992},
  pages = {1776--1783},
}

@article{rao_force_1979,
  title = {On the Force Bias {Monte} {Carlo} Simulation of Simple Liquids},
  volume = {71},
  issn = {0021-9606, 1089-7690},
  url = {http://scitation.aip.org/content/aip/journal/jcp/71/1/10.1063/1.438111},
  doi = {10.1063/1.438111},
  number = {1},
  urldate = {2014-06-20},
  journal = {J. Chem. Phys.},
  author = {Rao, M. and Berne, B. J.},
  month = jul,
  year = {1979},
  pages = {129--132},
}

@article{liu_rejection-free_2004,
  title = {Rejection-{Free} {Geometric} {Cluster} {Algorithm} for {Complex} {Fluids}},
  volume = {92},
  url = {http://link.aps.org/doi/10.1103/PhysRevLett.92.035504},
  doi = {10.1103/PhysRevLett.92.035504},
  number = {3},
  urldate = {2014-03-25},
  journal = {Phys. Rev. Lett.},
  author = {Liu, Jiwen and Luijten, Erik},
  month = jan,
  year = {2004},
  pages = {035504},
}

@article{liu_generalized_2005,
  title = {Generalized Geometric Cluster Algorithm for Fluid Simulation},
  volume = {71},
  url = {http://link.aps.org/doi/10.1103/PhysRevE.71.066701},
  doi = {10.1103/PhysRevE.71.066701},
  number = {6},
  urldate = {2015-06-26},
  journal = {Phys. Rev. E},
  author = {Liu, Jiwen and Luijten, Erik},
  month = jun,
  year = {2005},
  pages = {066701},
}

@article{whitelam_avoiding_2007,
  title = {Avoiding Unphysical Kinetic Traps in {Monte} {Carlo} Simulations of Strongly Attractive Particles},
  volume = {127},
  issn = {0021-9606, 1089-7690},
  url = {http://scitation.aip.org/content/aip/journal/jcp/127/15/10.1063/1.2790421},
  doi = {10.1063/1.2790421},
  number = {15},
  urldate = {2015-01-13},
  journal = {J. Chem. Phys.},
  author = {Whitelam, Stephen and Geissler, Phillip L.},
  month = oct,
  year = {2007},
  pages = {154101},
}

@article{anderson_scalable_2016,
  title = {Scalable {Metropolis} {Monte} {Carlo} for Simulation of Hard Shapes},
  volume = {204},
  issn = {0010-4655},
  url = {http://www.sciencedirect.com/science/article/pii/S001046551630039X},
  doi = {10.1016/j.cpc.2016.02.024},
  journal = {Comput. Phys. Commun.},
  author = {Anderson, Joshua A. and Eric Irrgang, M. and Glotzer, Sharon C.},
  month = jul,
  year = {2016},
  pages = {21--30},
}

@article{frenkel_speed-up_2004,
  title = {Speed-up of {Monte} {Carlo} Simulations by Sampling of Rejected States},
  volume = {101},
  copyright = {Copyright © 2004, The National Academy of Sciences},
  issn = {0027-8424, 1091-6490},
  url = {https://www.pnas.org/content/101/51/17571},
  doi = {10.1073/pnas.0407950101},
  number = {51},
  urldate = {2020-01-16},
  journal = {Proc. Natl. Acad. Sci. USA},
  author = {Frenkel, Daan},
  month = dec,
  year = {2004},
  pmid = {15591337},
  pages = {17571--17575},
}

@article{vlugt_efficiency_1999,
  title = {Efficiency of {Parallel} {CBMC} {Simulations}},
  volume = {23},
  issn = {0892-7022},
  url = {https://doi.org/10.1080/08927029908022112},
  doi = {10.1080/08927029908022112},
  number = {1},
  urldate = {2020-01-16},
  journal = {Mol. Simul.},
  author = {Vlugt, Thijs J. H.},
  month = oct,
  year = {1999},
  pages = {63--78},
}

@article{esselink_parallel_1995,
  title = {Parallel {Monte} {Carlo} Simulations},
  volume = {51},
  url = {http://link.aps.org/doi/10.1103/PhysRevE.51.1560},
  doi = {10.1103/PhysRevE.51.1560},
  number = {2},
  urldate = {2014-03-14},
  journal = {Phys. Rev. E},
  author = {Esselink, K. and Loyens, L. D. J. C. and Smit, B.},
  month = feb,
  year = {1995},
  pages = {1560--1568},
}

@article{calderhead_general_2014,
  title = {A General Construction for Parallelizing {Metropolis}-{Hastings} Algorithms},
  volume = {111},
  copyright = {©  . Freely available online through the PNAS open access option.},
  issn = {0027-8424, 1091-6490},
  url = {https://www.pnas.org/content/111/49/17408},
  doi = {10.1073/pnas.1408184111},
  number = {49},
  urldate = {2019-10-03},
  journal = {Proc. Natl. Acad. Sci. USA},
  author = {Calderhead, Ben},
  month = dec,
  year = {2014},
  pmid = {25422442},
  pages = {17408--17413},
}

@article{brockwell_parallel_2006,
  title = {Parallel {Markov} Chain {Monte} {Carlo} {Simulation} by {Pre}-{Fetching}},
  volume = {15},
  issn = {1061-8600},
  url = {https://doi.org/10.1198/106186006X100579},
  doi = {10.1198/106186006X100579},
  number = {1},
  urldate = {2020-01-16},
  journal = {J. Comput. Graph. Statist.},
  author = {Brockwell, A. E.},
  month = mar,
  year = {2006},
  pages = {246--261},
}

@article{michel_generalized_2014,
  title = {Generalized Event-chain {Monte} {Carlo}: {Constructing} Rejection-free Global-balance Algorithms from Infinitesimal Steps},
  volume = {140},
  issn = {0021-9606},
  shorttitle = {Generalized event-chain {Monte} {Carlo}},
  url = {https://aip.scitation.org/doi/10.1063/1.4863991},
  doi = {10.1063/1.4863991},
  number = {5},
  urldate = {2020-07-28},
  journal = {J. Chem. Phys.},
  author = {Michel, Manon and Kapfer, Sebastian C. and Krauth, Werner},
  month = feb,
  year = {2014},
  pages = {054116},
}

@article{guo_hybrid_2018,
  title = {Hybrid {Monte} {Carlo} with {LAMMPS}},
  volume = {17},
  issn = {0219-6336},
  url = {https://www.worldscientific.com/doi/abs/10.1142/S0219633618400023},
  doi = {10.1142/S0219633618400023},
  number = {03},
  urldate = {2018-06-29},
  journal = {J Theor. Comput. Chem.},
  author = {Guo, Jingxiang and Haji-Akbari, Amir and Palmer, Jeremy C.},
  month = mar,
  year = {2018},
  pages = {1840002},
}

@article{andersen_molecular_1980,
  title = {Molecular Dynamics Simulations at Constant Pressure And/or Temperature},
  volume = {72},
  issn = {0021-9606},
  url = {https://doi.org/10.1063/1.439486},
  doi = {10.1063/1.439486},
  number = {4},
  urldate = {2023-05-15},
  journal = {J. Chem. Phys.},
  author = {Andersen, Hans C.},
  year = {1980},
  pages = {2384--2393},
}

@article{laio_escaping_2002,
  title = {Escaping Free-energy Minima},
  volume = {99},
  url = {https://www.pnas.org/doi/full/10.1073/pnas.202427399},
  doi = {10.1073/pnas.202427399},
  number = {20},
  urldate = {2023-05-15},
  journal = {Proc. Natl. Acad. Sci. USA},
  author = {Laio, Alessandro and Parrinello, Michele},
  month = oct,
  year = {2002},
  pages = {12562--12566},
}

@article{hukushima_exchange_1996,
  title = {Exchange {Monte} {Carlo} {Method} and  {Application} to {Spin} {Glass} {Simulations}},
  volume = {65},
  issn = {0031-9015},
  url = {https://journals.jps.jp/doi/10.1143/JPSJ.65.1604},
  doi = {10.1143/JPSJ.65.1604},
  number = {6},
  urldate = {2023-05-15},
  journal = {J. Phys. Soc. Jpn.},
  author = {Hukushima, Koji and Nemoto, Koji},
  month = jun,
  year = {1996},
  pages = {1604--1608},
}

@article{berg_multicanonical_1991,
  title = {Multicanonical Algorithms for First Order Phase Transitions},
  volume = {267},
  issn = {0370-2693},
  url = {https://www.sciencedirect.com/science/article/pii/037026939191256U},
  doi = {10.1016/0370-2693(91)91256-U},
  number = {2},
  urldate = {2023-05-15},
  journal = {Phys. Lett. B},
  author = {Berg, Bernd A. and Neuhaus, Thomas},
  month = sep,
  year = {1991},
  pages = {249--253},
}

@article{alder_phase_1957,
  title = {Phase {Transition} for a {Hard} {Sphere} {System}},
  volume = {27},
  issn = {0021-9606},
  url = {https://doi.org/10.1063/1.1743957},
  doi = {10.1063/1.1743957},
  number = {5},
  urldate = {2023-05-15},
  journal = {J. Chem. Phys.},
  author = {Alder, B. J. and Wainwright, T. E.},
  year = {1957},
  pages = {1208--1209},
}

@article{sugita_replica-exchange_1999,
  title = {Replica-{Exchange} {Molecular} {Dynamics} {Method} for {Protein} {Folding}},
  volume = {314},
  issn = {0009-2614},
  url = {http://www.sciencedirect.com/science/article/pii/S0009261499011239},
  doi = {10.1016/S0009-2614(99)01123-9},
  number = {1–2},
  urldate = {2013-04-03},
  journal = {Chem. Phys. Lett.},
  author = {Sugita, Yuji and Okamoto, Yuko},
  month = nov,
  year = {1999},
  pages = {141--151},
}

@article{swendsen_replica_1986,
  title = {Replica {Monte} {Carlo} {Simulation} of {Spin}-{Glasses}},
  volume = {57},
  url = {http://link.aps.org/doi/10.1103/PhysRevLett.57.2607},
  doi = {10.1103/PhysRevLett.57.2607},
  number = {21},
  urldate = {2013-04-03},
  journal = {Phys. Rev. Lett.},
  author = {Swendsen, Robert H. and Wang, Jian-Sheng},
  month = nov,
  year = {1986},
  pages = {2607--2609},
}

@article{zhang_computational_2017,
  title = {Computational {Study} of {Water} {Adsorption} in the {Hydrophobic} {Metal}-{Organic} {Framework} {ZIF}-8: {Adsorption} {Mechanism} and {Acceleration} of the {Simulations}},
  volume = {121},
  issn = {1932-7447},
  shorttitle = {Computational {Study} of {Water} {Adsorption} in the {Hydrophobic} {Metal}-{Organic} {Framework} {ZIF}-8},
  url = {https://doi.org/10.1021/acs.jpcc.7b06405},
  doi = {10.1021/acs.jpcc.7b06405},
  number = {43},
  urldate = {2023-05-15},
  journal = {J. Phys. Chem. C},
  author = {Zhang, Hongda and Snurr, Randall Q.},
  month = nov,
  year = {2017},
  pages = {24000--24010},
}

@article{singh_mayer_2004,
  title = {Mayer {Sampling}: {Calculation} of {Cluster} {Integrals} Using {Free}-{Energy} {Perturbation} {Methods}},
  volume = {92},
  shorttitle = {Mayer {Sampling}},
  url = {http://link.aps.org/doi/10.1103/PhysRevLett.92.220601},
  doi = {10.1103/PhysRevLett.92.220601},
  number = {22},
  urldate = {2014-09-12},
  journal = {Phys. Rev. Lett.},
  author = {Singh, Jayant K. and Kofke, David A.},
  month = jun,
  year = {2004},
  pages = {220601},
}

@article{stroker_systematic_2021,
  title = {Systematic Formulation of Thermodynamic Properties in the \${NpT}\$ Ensemble},
  volume = {103},
  url = {https://link.aps.org/doi/10.1103/PhysRevE.103.023305},
  doi = {10.1103/PhysRevE.103.023305},
  number = {2},
  urldate = {2023-05-24},
  journal = {Phys. Rev. E},
  author = {Ströker, Philipp and Hellmann, Robert and Meier, Karsten},
  month = feb,
  year = {2021},
  pages = {023305},
}

@article{barhaghi_py-mcmd_2022,
  title = {Py-{MCMD}: {Python} {Software} for {Performing} {Hybrid} {Monte} {Carlo}/{Molecular} {Dynamics} {Simulations} with {GOMC} and {NAMD}},
  volume = {18},
  issn = {1549-9618},
  shorttitle = {py-{MCMD}},
  url = {https://doi.org/10.1021/acs.jctc.1c00911},
  doi = {10.1021/acs.jctc.1c00911},
  number = {8},
  urldate = {2023-06-26},
  journal = {J. Chem. Theory Comput.},
  author = {Barhaghi, Mohammad Soroush and Crawford, Brad and Schwing, Gregory and Hardy, David J. and Stone, John E. and Schwiebert, Loren and Potoff, Jeffrey and Tajkhorshid, Emad},
  month = aug,
  year = {2022},
  pages = {4983--4994},
}

@article{duane_hybrid_1987,
  title = {Hybrid {Monte} {Carlo}},
  volume = {195},
  issn = {0370-2693},
  url = {https://www.sciencedirect.com/science/article/pii/037026938791197X},
  doi = {10.1016/0370-2693(87)91197-X},
  number = {2},
  journal = {Phys. Lett. B},
  author = {Duane, Simon and Kennedy, A. D. and Pendleton, Brian J. and Roweth, Duncan},
  month = sep,
  year = {1987},
  pages = {216--222},
}

@article{basconi_effects_2013,
  title = {Effects of {Temperature} {Control} {Algorithms} on {Transport} {Properties} and {Kinetics} in {Molecular} {Dynamics} {Simulations}},
  volume = {9},
  issn = {1549-9618},
  url = {https://doi.org/10.1021/ct400109a},
  doi = {10.1021/ct400109a},
  number = {7},
  urldate = {2023-06-26},
  journal = {J. Chem. Theory Comput.},
  author = {Basconi, Joseph E. and Shirts, Michael R.},
  month = jul,
  year = {2013},
  pages = {2887--2899},
}

@article{andersen_rattle_1983,
  title = {Rattle: {A} “velocity” Version of the Shake Algorithm for Molecular Dynamics Calculations},
  volume = {52},
  issn = {0021-9991},
  shorttitle = {Rattle},
  url = {https://www.sciencedirect.com/science/article/pii/0021999183900141},
  doi = {10.1016/0021-9991(83)90014-1},
  number = {1},
  urldate = {2023-06-26},
  journal = {J. Comput. Phys.},
  author = {Andersen, Hans C},
  month = oct,
  year = {1983},
  pages = {24--34},
}

@article{ryckaert_numerical_1977,
  title = {Numerical Integration of the Cartesian Equations of Motion of a System with Constraints: Molecular Dynamics of N-alkanes},
  volume = {23},
  issn = {0021-9991},
  shorttitle = {Numerical integration of the cartesian equations of motion of a system with constraints},
  url = {https://www.sciencedirect.com/science/article/pii/0021999177900985},
  doi = {10.1016/0021-9991(77)90098-5},
  number = {3},
  urldate = {2023-06-26},
  journal = {J. Comput. Phys.},
  author = {Ryckaert, Jean-Paul and Ciccotti, Giovanni and Berendsen, Herman J. C},
  month = mar,
  year = {1977},
  pages = {327--341},
}

@article{dubbeldam_inner_2013,
  title = {On the Inner Workings of {Monte} {Carlo} Codes},
  volume = {39},
  issn = {0892-7022},
  url = {https://doi.org/10.1080/08927022.2013.819102},
  doi = {10.1080/08927022.2013.819102},
  number = {14-15},
  urldate = {2019-03-06},
  journal = {Mol. Simul.},
  author = {Dubbeldam, David and Torres-Knoop, Ariana and Walton, Krista S.},
  month = dec,
  year = {2013},
  pages = {1253--1292},
}

@article{plimpton_fast_1995,
  title = {Fast {Parallel} {Algorithms} for {Short}-{Range} {Molecular} {Dynamics}},
  volume = {117},
  issn = {0021-9991},
  url = {http://www.sciencedirect.com/science/article/pii/S002199918571039X},
  doi = {10.1006/jcph.1995.1039},
  number = {1},
  urldate = {2012-01-05},
  journal = {J. Comput. Phys.},
  author = {Plimpton, Steve},
  month = mar,
  year = {1995},
  pages = {1--19},
}

@article{floriano_micellization_1999,
  title = {Micellization in {Model} {Surfactant} {Systems}},
  volume = {15},
  issn = {0743-7463},
  url = {http://dx.doi.org/10.1021/la9810206},
  doi = {10.1021/la9810206},
  number = {9},
  urldate = {2014-11-10},
  journal = {Langmuir},
  author = {Floriano, M. Antonio and Caponetti, Eugenio and Panagiotopoulos, Athanassios Z.},
  month = apr,
  year = {1999},
  pages = {3143--3151},
}

@article{hatch_computational_2015,
  title = {Computational Study of Trimer Self-assembly and Fluid Phase Behavior},
  volume = {142},
  issn = {0021-9606, 1089-7690},
  doi = {10.1063/1.4918557},
  url = {http://scitation.aip.org/content/aip/journal/jcp/142/16/10.1063/1.4918557},
  number = {16},
  urldate = {2015-04-24},
  journal = {J. Chem. Phys.},
  author = {Hatch, Harold W. and Mittal, Jeetain and Shen, Vincent K.},
  month = apr,
  year = {2015},
  pages = {164901},
}

@article{hatch_efficiency_2023,
  title = {Efficiency {Comparison} of {Single}- and {Multiple}-{Macrostate} {Grand} {Canonical} {Ensemble} {Transition}-{Matrix} {Monte} {Carlo} {Simulations}},
  volume = {127},
  issn = {1520-6106},
  url = {https://doi.org/10.1021/acs.jpcb.3c00613},
  doi = {10.1021/acs.jpcb.3c00613},
  number = {13},
  urldate = {2023-06-26},
  journal = {J. Phys. Chem. B},
  author = {Hatch, Harold W. and Siderius, Daniel W. and Errington, Jeffrey R. and Shen, Vincent K.},
  month = apr,
  year = {2023},
  pages = {3041--3051},
}

@article{vesely_angular_1982,
  title = {Angular {Monte} {Carlo} Integration Using Quaternion Parameters: a Spherical Reference Potential for {CCl4}},
  volume = {47},
  issn = {0021-9991},
  shorttitle = {Angular {Monte} {Carlo} integration using quaternion parameters},
  url = {http://www.sciencedirect.com/science/article/pii/0021999182900808},
  doi = {10.1016/0021-9991(82)90080-8},
  number = {2},
  urldate = {2016-03-07},
  journal = {J. Comput. Phys.},
  author = {Vesely, Franz J},
  month = aug,
  year = {1982},
  pages = {291--296},
}

@article{flyvbjerg_error_1989,
  title = {Error {Estimates} on {Averages} of {Correlated} {Data}},
  volume = {91},
  issn = {00219606},
  url = {http://jcp.aip.org/resource/1/jcpsa6/v91/i1/p461_s1},
  doi = {doi:10.1063/1.457480},
  number = {1},
  urldate = {2013-05-10},
  journal = {J. Chem. Phys.},
  author = {Flyvbjerg, H. and Petersen, H. G.},
  month = jul,
  year = {1989},
  pages = {461--466},
}

@article{rovigatti_how_2018,
  title = {How to Simulate Patchy Particles},
  volume = {41},
  issn = {1292-895X},
  url = {https://doi.org/10.1140/epje/i2018-11667-x},
  doi = {10.1140/epje/i2018-11667-x},
  number = {5},
  urldate = {2024-01-03},
  journal = {Eur. Phys. J. E.},
  author = {Rovigatti, Lorenzo and Russo, John and Romano, Flavio},
  month = may,
  year = {2018},
  pages = {59},
}

@article{wierzchowski_ub_2002,
  series = {Proceedings of the {Ninth} {International} {Conference} on {Properties} and {Phase} {Equilibria} for {Product} and {Process} {Design}},
  title = {{UB} Association Bias Algorithm Applied to the Simulation of Hydrogen Fluoride},
  volume = {194-197},
  issn = {0378-3812},
  url = {http://www.sciencedirect.com/science/article/pii/S0378381201006719},
  doi = {10.1016/S0378-3812(01)00671-9},
  urldate = {2020-04-16},
  journal = {Fluid Ph. Equilib.},
  author = {Wierzchowski, Scott and Kofke, David A.},
  month = mar,
  year = {2002},
  pages = {249--256},
}

@article{rosenbluth_monte_1955,
  title = {Monte {Carlo} {Calculation} of the {Average} {Extension} of {Molecular} {Chains}},
  volume = {23},
  issn = {0021-9606},
  url = {https://doi.org/10.1063/1.1741967},
  doi = {10.1063/1.1741967},
  number = {2},
  urldate = {2024-02-09},
  journal = {J. Chem. Phys.},
  author = {Rosenbluth, Marshall N. and Rosenbluth, Arianna W.},
  month = feb,
  year = {1955},
  pages = {356--359},
}

@article{sepehri_improving_2017,
  title = {Improving the {Efficiency} of {Configurational}-{Bias} {Monte} {Carlo}: {Extension} of the {Jacobian}–{Gaussian} {Scheme} to {Interior} {Sections} of {Cyclic} and {Polymeric} {Molecules}},
  volume = {13},
  issn = {1549-9618},
  shorttitle = {Improving the {Efficiency} of {Configurational}-{Bias} {Monte} {Carlo}},
  url = {https://doi.org/10.1021/acs.jctc.7b00478},
  doi = {10.1021/acs.jctc.7b00478},
  number = {9},
  urldate = {2022-09-19},
  journal = {J. Chem. Theory Comput.},
  author = {Sepehri, Aliasghar and Loeffler, Troy D. and Chen, Bin},
  month = sep,
  year = {2017},
  pages = {4043--4053},
}

@article{sepehri_improving_2017-1,
  title = {Improving the {Efficiency} of {Configurational}-{Bias} {Monte} {Carlo}: {A} {Jacobian}–{Gaussian} {Scheme} for {Generating} {Bending} {Angle} {Trials} for {Linear} and {Branched} {Molecules}},
  volume = {13},
  issn = {1549-9618},
  shorttitle = {Improving the {Efficiency} of {Configurational}-{Bias} {Monte} {Carlo}},
  url = {https://doi.org/10.1021/acs.jctc.7b00173},
  doi = {10.1021/acs.jctc.7b00173},
  number = {4},
  urldate = {2022-09-19},
  journal = {J. Chem. Theory Comput.},
  author = {Sepehri, Aliasghar and Loeffler, Troy D. and Chen, Bin},
  month = apr,
  year = {2017},
  pages = {1577--1583},
}

@article{martin_novel_1999,
  title = {Novel {Configurational}-{Bias} {Monte} {Carlo} {Method} for {Branched} {Molecules}. {Transferable} {Potentials} for {Phase} {Equilibria}. 2. {United}-{Atom} {Description} of {Branched} {Alkanes}},
  volume = {103},
  issn = {1520-6106},
  url = {http://dx.doi.org/10.1021/jp984742e},
  doi = {10.1021/jp984742e},
  number = {21},
  urldate = {2015-01-29},
  journal = {J. Phys. Chem. B},
  author = {Martin, Marcus G. and Siepmann, J. Ilja},
  year = {1999},
  pages = {4508--4517},
}

@article{martin_using_2006,
  title = {Using Arbitrary Trial Distributions to Improve Intramolecular Sampling in Configurational-bias {Monte} {Carlo}},
  volume = {104},
  issn = {0026-8976},
  url = {https://doi.org/10.1080/00268970600751078},
  doi = {10.1080/00268970600751078},
  number = {15},
  urldate = {2021-06-21},
  journal = {Mol. Phys.},
  author = {Martin, Marcus G. and Frischknecht, Amalie L.},
  month = aug,
  year = {2006},
  pages = {2439--2456},
}

@article{hastings_monte_1970,
  title = {Monte {Carlo} Sampling Methods Using {Markov} Chains and Their Applications},
  volume = {57},
  issn = {0006-3444},
  url = {https://doi.org/10.1093/biomet/57.1.97},
  doi = {10.1093/biomet/57.1.97},
  number = {1},
  urldate = {2024-02-12},
  journal = {Biometrika},
  author = {Hastings, W. K.},
  month = apr,
  year = {1970},
  pages = {97--109},
}

@article{ren_acceleration_2006,
  title = {Acceleration of {Markov} Chain {Monte} {Carlo} Simulations Through Sequential Updating},
  volume = {124},
  issn = {0021-9606},
  url = {https://doi.org/10.1063/1.2168455},
  doi = {10.1063/1.2168455},
  number = {6},
  urldate = {2024-02-13},
  journal = {J. Chem. Phys.},
  author = {Ren, Ruichao and Orkoulas, G.},
  month = feb,
  year = {2006},
  pages = {064109},
}

@book{shen_nist_2017,
  series = {{NIST} {Standard} {Reference} {Database} {Number} 173},
  title = {{NIST} {Standard} {Reference} {Simulation} {Website}},
  url = {http://doi.org/10.18434/T4M88Q},
  publisher = {National Institute of Standards and Technology},
  author = {Shen, Vincent K. and Siderius, Daniel W. and Krekelberg, William P. and Hatch, Harold W.},
  month = aug,
  year = {2017},
}

@article{posch_lyapunov_1988,
  title = {Lyapunov Instability of Dense {Lennard}-{Jones} Fluids},
  volume = {38},
  url = {https://link.aps.org/doi/10.1103/PhysRevA.38.473},
  doi = {10.1103/PhysRevA.38.473},
  number = {1},
  urldate = {2024-02-13},
  journal = {Phys. Rev. A},
  author = {Posch, H. A. and Hoover, W. G.},
  month = jul,
  year = {1988},
  pages = {473--482},
}

@article{hartmann_ergodic_2008,
  title = {An {Ergodic} {Sampling} {Scheme} for {Constrained} {Hamiltonian} {Systems} with {Applications} to {Molecular} {Dynamics}},
  volume = {130},
  issn = {1572-9613},
  url = {https://doi.org/10.1007/s10955-007-9470-2},
  doi = {10.1007/s10955-007-9470-2},
  number = {4},
  urldate = {2024-02-15},
  journal = {J. Stat. Phys.},
  author = {Hartmann, Carsten},
  month = feb,
  year = {2008},
  pages = {687--711},
}

@article{ghoufi_hybrid_2010,
  title = {Hybrid {Monte} {Carlo} {Simulations} {Combined} with a {Phase} {Mixture} {Model} to {Predict} the {Structural} {Transitions} of a {Porous} {Metal}-{Organic} {Framework} {Material} Upon {Adsorption} of {Guest} {Molecules}},
  volume = {114},
  issn = {1932-7447},
  url = {https://doi.org/10.1021/jp911484g},
  doi = {10.1021/jp911484g},
  number = {14},
  urldate = {2024-02-15},
  journal = {J. Phys. Chem. C},
  author = {Ghoufi, A. and Maurin, G.},
  month = apr,
  year = {2010},
  pages = {6496--6502},
}
@article{fass_quantifying_2018,
  title = {Quantifying {Configuration}-{Sampling} {Error} in {Langevin} {Simulations} of {Complex} {Molecular} {Systems}},
  volume = {20},
  copyright = {http://creativecommons.org/licenses/by/3.0/},
  issn = {1099-4300},
  url = {https://www.mdpi.com/1099-4300/20/5/318},
  doi = {10.3390/e20050318},
  number = {5},
  urldate = {2024-02-15},
  journal = {Entropy},
  author = {Fass, Josh and Sivak, David A. and Crooks, Gavin E. and Beauchamp, Kyle A. and Leimkuhler, Benedict and Chodera, John D.},
  month = may,
  year = {2018},
  pages = {318},
}

@article{spiridon_hamiltonian_2017,
  title = {Hamiltonian {Monte} {Carlo} with {Constrained} {Molecular} {Dynamics} As {Gibbs} {Sampling}},
  volume = {13},
  issn = {1549-9618},
  url = {https://doi.org/10.1021/acs.jctc.7b00570},
  doi = {10.1021/acs.jctc.7b00570},
  number = {10},
  urldate = {2024-02-15},
  journal = {J. Chem. Theory Comput.},
  author = {Spiridon, Laurentiu and Minh, David D. L.},
  month = oct,
  year = {2017},
  pages = {4649--4659},
}

@misc{kofke_lecture9_2024,
  author = {Kofke, David A.},
  title = {{CE 530 Mol. Simul. Lecture 9: Monte Carlo Simulation}},
  howpublished = {\url{https://www.eng.buffalo.edu/~kofke/ce530/Lectures/lectures.html}},
  year = {2024},
}

@article{grossfield_best_2018,
  title = {Best {Practices} for {Quantification} of {Uncertainty} and {Sampling} {Quality} in {Molecular} {Simulations} [{Article} V1.0]},
  volume = {1},
  issn = {2575-6524},
  url = {https://www.ncbi.nlm.nih.gov/pmc/articles/PMC6286151/},
  doi = {10.33011/livecoms.1.1.5067},
  number = {1},
  urldate = {2019-11-18},
  journal = {Living J. Comput. Mol. Sci.},
  author = {Grossfield, Alan and Patrone, Paul N. and Roe, Daniel R. and Schultz, Andrew J. and Siderius, Daniel W. and Zuckerman, Daniel M.},
  year = {2018},
  pmid = {30533602},
  pmcid = {PMC6286151},
}

@article{henin_enhanced_2022,
  title = {Enhanced {Sampling} {Methods} for {Molecular} {Dynamics} {Simulations} [{Article} V1.0]},
  volume = {4},
  issn = {2575-6524},
  url = {https://livecomsjournal.org/index.php/livecoms/article/view/v4i1e1583},
  doi = {10.33011/livecoms.4.1.1583},
  number = {1},
  urldate = {2024-05-24},
  journal = {Living J. Comput. Mol. Sci.},
  author = {Hénin, Jérôme and Lelièvre, Tony and Shirts, Michael R. and Valsson, Omar and Delemotte, Lucie},
  month = dec,
  year = {2022},
  pages = {1583--1583},
}

@article{nejahi_gomc_2019,
  title = {{GOMC}: {GPU} {Optimized} {Monte} {Carlo} for the Simulation of Phase Equilibria and Physical Properties of Complex Fluids},
  volume = {9},
  issn = {2352-7110},
  shorttitle = {{GOMC}},
  url = {https://www.sciencedirect.com/science/article/pii/S2352711018301171},
  doi = {10.1016/j.softx.2018.11.005},
  urldate = {2024-04-29},
  journal = {SoftwareX},
  author = {Nejahi, Younes and Soroush Barhaghi, Mohammad and Mick, Jason and Jackman, Brock and Rushaidat, Kamel and Li, Yuanzhe and Schwiebert, Loren and Potoff, Jeffrey},
  month = jan,
  year = {2019},
  pages = {20--27},
}

@article{penaloza-amion_monte-carlo_2021,
  title = {Monte-{Carlo} {Simulations} of {Soft} {Matter} {Using} {SIMONA}: {A} {Review} of {Recent} {Applications}},
  volume = {9},
  issn = {2296-424X},
  shorttitle = {Monte-{Carlo} {Simulations} of {Soft} {Matter} {Using} {SIMONA}},
  url = {https://www.frontiersin.org/articles/10.3389/fphy.2021.635959},
  doi = {10.3389/fphy.2021.635959},
  urldate = {2024-04-29},
  journal = {Front. Phys.},
  author = {Penaloza-Amion, Montserrat and Sedghamiz, Elaheh and Kozlowska, Mariana and Degitz, Carl and Possel, Clemens and Wenzel, Wolfgang},
  month = mar,
  year = {2021},
}

@article{limbach_espressoextensible_2006,
  title = {{ESPResSo}—an Extensible Simulation Package for Research on Soft Matter Systems},
  volume = {174},
  issn = {0010-4655},
  url = {https://www.sciencedirect.com/science/article/pii/S001046550500576X},
  doi = {10.1016/j.cpc.2005.10.005},
  number = {9},
  urldate = {2024-05-17},
  journal = {Comput. Phys. Commun.},
  author = {Limbach, H. J. and Arnold, A. and Mann, B. A. and Holm, C.},
  month = may,
  year = {2006},
  pages = {704--727},
}

@article{sun_deep_2019,
  title = {Deep Neural Network Learning of Complex Binary Sorption Equilibria from Molecular Simulation Data},
  volume = {10},
  issn = {2041-6539},
  url = {https://pubs.rsc.org/en/content/articlelanding/2019/sc/c8sc05340e},
  doi = {10.1039/C8SC05340E},
  number = {16},
  urldate = {2024-05-24},
  journal = {Chem. Sci.},
  author = {Sun, Yangzesheng and DeJaco, Robert F. and Siepmann, J. Ilja},
  month = apr,
  year = {2019},
  pages = {4377--4388},
}

@article{hatch_theory_2024,
	title = {Theory and {Monte} {Carlo} Simulation of the Ideal Gas with Shell Particles in the Canonical, Isothermal–isobaric, Grand Canonical, and {Gibbs} Ensembles},
	volume = {161},
	issn = {0021-9606},
	url = {https://doi.org/10.1063/5.0224305},
	doi = {10.1063/5.0224305},
	number = {8},
	urldate = {2024-09-05},
	journal = {J. Chem. Phys.},
	author = {Hatch, Harold W. and Shen, Vincent K. and Corti, David S.},
	month = aug,
	year = {2024},
	pages = {084106},
}

@article{panagiotopoulos_adsorption_1987,
  title = {Adsorption and Capillary Condensation of Fluids in Cylindrical Pores by {Monte} {Carlo} Simulation in the {Gibbs} Ensemble},
  volume = {62},
  issn = {0026-8976},
  url = {https://doi.org/10.1080/00268978700102501},
  doi = {10.1080/00268978700102501},
  number = {3},
  urldate = {2023-06-22},
  journal = {Mol. Phys.},
  author = {Panagiotopoulos, Athanassios Z.},
  month = oct,
  year = {1987},
  pages = {701--719},
}

@article{siderius_flat-histogram_2024,
  title = {Flat-{Histogram} {Monte} {Carlo} {Simulation} of {Water} {Adsorption} in {Metal}–{Organic} {Frameworks}},
  issn = {1520-6106},
  url = {https://doi.org/10.1021/acs.jpcb.4c00753},
  doi = {10.1021/acs.jpcb.4c00753},
  urldate = {2024-04-29},
  journal = {J. Phys. Chem. B},
  author = {Siderius, Daniel W. and Hatch, Harold W. and Shen, Vincent K.},
  month = apr,
  year = {2024},
}

@article{vakser_docking-based_2022,
  title = {Docking-based Long Timescale Simulation of Cell-size Protein Systems at Atomic Resolution},
  volume = {119},
  url = {https://www.pnas.org/doi/full/10.1073/pnas.2210249119},
  doi = {10.1073/pnas.2210249119},
  number = {41},
  urldate = {2022-11-02},
  journal = {Proc. Natl. Acad. Sci. USA},
  author = {Vakser, Ilya A. and Grudinin, Sergei and Jenkins, Nathan W. and Kundrotas, Petras J. and Deeds, Eric J.},
  month = oct,
  year = {2022},
  pages = {e2210249119},
}

@article{hatch_anisotropic_2024,
	title = {Anisotropic Coarse-grain {Monte} {Carlo} Simulations of Lysozyme, Lactoferrin, and {NISTmAb} by Precomputing Atomistic Models},
	volume = {161},
	issn = {0021-9606},
	url = {https://doi.org/10.1063/5.0224809},
	doi = {10.1063/5.0224809},
	number = {9},
	urldate = {2024-09-05},
	journal = {J. Chem. Phys.},
	author = {Hatch, Harold W. and Bergonzo, Christina and Blanco, Marco A. and Yuan, Guangcui and Grudinin, Sergei and Lund, Mikael and Curtis, Joseph E. and Grishaev, Alexander V. and Liu, Yun and Shen, Vincent K.},
	month = sep,
	year = {2024},
	pages = {094113},
}

@article{koper_length_1996,
  title = {Length Scale for the Constant Pressure Ensemble: Application to Small Systems and Relation to Einstein Fluctuation Theory},
  volume = {100},
  issn = {0022-3654},
  shorttitle = {Length {Scale} for the {Constant} {Pressure} {Ensemble}},
  doi = {10.1021/jp951819f},
  number = {1},
  urldate = {2024-04-12},
  journal = {J Phys. Chem.},
  author = {Koper, Ger J. M. and Reiss, Howard},
  month = jan,
  year = {1996},
  pages = {422--432},
}

@article{ikeda_generalization_2024,
  title = {Generalization of {Biasing} {Particle} {Insertion} and {Deletion} for {Grand} {Canonical} {Monte} {Carlo} {Simulation}},
  issn = {1549-9618},
  url = {https://doi.org/10.1021/acs.jctc.4c00755},
  doi = {10.1021/acs.jctc.4c00755},
  urldate = {2024-10-21},
  journal = {J. Chem. Theory and Comput.},
  author = {Ikeda, Tatsushi and Nakayama, Akira},
  month = oct,
  year = {2024},
}

@article{barnes_structure_2009,
  title = {Structure, {Thermodynamics}, and {Solubility} in {Tetromino} {Fluids}},
  volume = {25},
  issn = {0743-7463},
  doi = {10.1021/la900196b},
  number = {12},
  urldate = {2024-11-12},
  journal = {Langmuir},
  author = {Barnes, Brian C. and Siderius, Daniel W. and Gelb, Lev D.},
  month = jun,
  year = {2009},
  pages = {6702--6716},
}

@article{hatch_monte_2024,
	title = {Monte {Carlo} Molecular Simulations with {FEASST} Version 0.25.1},
	volume = {161},
	issn = {0021-9606},
	url = {https://doi.org/10.1063/5.0224283},
	doi = {10.1063/5.0224283},
	number = {9},
	urldate = {2024-09-05},
	journal = {J. Chem. Phys.},
	author = {Hatch, Harold W. and Siderius, Daniel W. and Shen, Vincent K.},
	month = sep,
	year = {2024},
	pages = {092501},
}

@article{barker_monte_1965,
	title = {Monte {Carlo} {Calculations} of the {Radial} {Distribution} {Functions} for a {Proton}-{Electron} {Plasma}},
	volume = {18},
	issn = {1446-5582},
	shorttitle = {Monte {Carlo} {Calculations} of the {Radial} {Distribution} {Functions} for a {Proton}?},
	doi = {10.1071/ph650119},
	language = {en},
	number = {2},
	urldate = {2025-06-02},
	journal = {Aust. J. Phys.},
	author = {Barker, A. A.},
	year = {1965},
	pages = {119--134},
}

@article{panagiotopoulos_phase_1988,
	title = {Phase Equilibria by Simulation in the {Gibbs} Ensemble: {Alternative} Derivation, Generalization and Application to Mixture and Membrane Equilibria},
	volume = {63},
	issn = {0026-8976},
	shorttitle = {Phase equilibria by simulation in the {Gibbs} ensemble},
	doi = {10.1080/00268978800100361},
	number = {4},
	urldate = {2025-06-02},
  journal = {Mol. Phys.},
	author = {Panagiotopoulos, A.Z. and , N., Quirke and , M., Stapleton and and Tildesley, D.J.},
	month = mar,
	year = {1988},
	pages = {527--545},
}

@article{karney_quaternions_2007,
	title = {Quaternions in molecular modeling},
	volume = {25},
	issn = {1093-3263},
	doi = {10.1016/j.jmgm.2006.04.002},
	number = {5},
	urldate = {2014-06-18},
	journal = {J. Mol. Graph. Model.},
	author = {Karney, Charles F. F.},
	month = jan,
	year = {2007},
	keywords = {Molecular simulation, Quaternions, Rotations},
	pages = {595--604},
}

